<record><leader>00000cas a2200000 a 4500</leader><controlfield tag="001">48911351</controlfield><controlfield tag="008">020131c20029999wausr ne      0    0eng c</controlfield><datafield ind1=" " ind2=" " tag="010"><subfield code="a">  2002252078</subfield></datafield><datafield ind1=" " ind2=" " tag="040"><subfield code="a">WRJ</subfield><subfield code="b">eng</subfield><subfield code="c">WRJ</subfield><subfield code="d">WAU</subfield><subfield code="d">OCLCQ</subfield><subfield code="d">OCLCF</subfield><subfield code="d">OCLCO</subfield></datafield><datafield ind1="1" ind2=" " tag="029"><subfield code="a">AU@</subfield><subfield code="b">000023449366</subfield></datafield><datafield ind1=" " ind2=" " tag="042"><subfield code="a">pcc</subfield></datafield><datafield ind1=" " ind2=" " tag="043"><subfield code="a">n-us-wa</subfield></datafield><datafield ind1="0" ind2="0" tag="245"><subfield code="a">Bothell reporter.</subfield></datafield><datafield ind1="1" ind2="7" tag="246"><subfield code="a">Bothell-Kenmore reporter</subfield></datafield><datafield ind1=" " ind2=" " tag="260"><subfield code="a">Bothell, WA :</subfield><subfield code="b">King County Journal Newspapers,</subfield><subfield code="c">c2002-</subfield></datafield><datafield ind1=" " ind2=" " tag="300"><subfield code="a">v. :</subfield><subfield code="b">ill. ;</subfield><subfield code="c">36 cm.</subfield></datafield><datafield ind1=" " ind2=" " tag="310"><subfield code="a">Semimonthly</subfield></datafield><datafield ind1="0" ind2=" " tag="362"><subfield code="a">Jan. 17, 2002-</subfield></datafield><datafield ind1=" " ind2="0" tag="651"><subfield code="a">Bothell (Wash.)</subfield><subfield code="v">Newspapers.</subfield></datafield><datafield ind1=" " ind2="0" tag="651"><subfield code="a">Kenmore (Wash.)</subfield><subfield code="v">Newspapers.</subfield></datafield><datafield ind1=" " ind2="7" tag="655"><subfield code="a">Newspapers.</subfield><subfield code="2">fast</subfield><subfield code="0">(OCoLC)fst01423814</subfield></datafield><datafield ind1=" " ind2="7" tag="651"><subfield code="a">Washington (State)</subfield><subfield code="z">Bothell.</subfield><subfield code="2">fast</subfield><subfield code="0">(OCoLC)fst01224271</subfield></datafield><datafield ind1=" " ind2="7" tag="651"><subfield code="a">Washington (State)</subfield><subfield code="z">Kenmore.</subfield><subfield code="2">fast</subfield><subfield code="0">(OCoLC)fst01292413</subfield></datafield><datafield ind1=" " ind2=" " tag="752"><subfield code="a">United States</subfield><subfield code="b">Washington</subfield><subfield code="c">King County</subfield><subfield code="d">Bothell.</subfield></datafield><datafield ind1="0" ind2="0" tag="780"><subfield code="t">Northshore citizen (Bothell, Wash. : 1990)</subfield><subfield code="x">1057-3771</subfield><subfield code="w">(DLC)sn 90099752</subfield><subfield code="w">(OCoLC)21575492</subfield></datafield></record>